<record><leader>00000cas a22000007a 4500</leader><controlfield tag="001">9860668</controlfield><controlfield tag="008">830830d18131825nyuwr ne      0    0eng d</controlfield><datafield ind1=" " ind2=" " tag="010"><subfield code="a">sn 83031334 </subfield></datafield><datafield ind1=" " ind2=" " tag="040"><subfield code="a">NPU</subfield><subfield code="b">eng</subfield><subfield code="c">NPU</subfield><subfield code="d">NPX</subfield><subfield code="d">NYS</subfield><subfield code="d">OCL</subfield><subfield code="d">OCLCG</subfield><subfield code="d">OCLCQ</subfield></datafield><datafield ind1=" " ind2=" " tag="042"><subfield code="a">msc</subfield></datafield><datafield ind1=" " ind2=" " tag="043"><subfield code="a">n-us-ny</subfield></datafield><datafield ind1="0" ind2="0" tag="245"><subfield code="a">Cortland repository.</subfield></datafield><datafield ind1=" " ind2=" " tag="260"><subfield code="a">Homer Village, N.Y. :</subfield><subfield code="b">Jesse Searl</subfield></datafield><datafield ind1=" " ind2=" " tag="300"><subfield code="a">v. ;</subfield><subfield code="c">53 cm.</subfield></datafield><datafield ind1=" " ind2=" " tag="310"><subfield code="a">Weekly</subfield></datafield><datafield ind1="1" ind2=" " tag="362"><subfield code="a">Began with Dec. 8, 1813 issue; ceased in Sept. 1825.</subfield><subfield code="z">Cf. Faibisoff, S.G. Bibl. of newspapers in 14 N.Y. counties.</subfield></datafield><datafield ind1=" " ind2=" " tag="500"><subfield code="a">Publishers: Searl &amp; Osborn, &lt;1814-1815&gt;; Jesse Searl, &lt;1816-1819&gt;; Searl &amp; Drake, &lt;1820-1821&gt;; J. Searl, &lt;1822&gt;, &lt;1825&gt;.</subfield></datafield><datafield ind1=" " ind2=" " tag="500"><subfield code="a">Printer: John W. Osborn, &lt;1813&gt;.</subfield></datafield><datafield ind1=" " ind2=" " tag="500"><subfield code="a">Editor: Jesse Searl, &lt;1813&gt;.</subfield></datafield><datafield ind1=" " ind2=" " tag="588"><subfield code="a">Description based on: Vol. 1, no. 2 (Dec. 15, 1813).</subfield></datafield><datafield ind1=" " ind2="0" tag="651"><subfield code="a">Homer (N.Y.)</subfield><subfield code="v">Newspapers.</subfield></datafield><datafield ind1="1" ind2=" " tag="700"><subfield code="a">Searl, Jesse,</subfield><subfield code="d">1767-1834.</subfield></datafield><datafield ind1="1" ind2=" " tag="700"><subfield code="a">Osborn, John Willson,</subfield><subfield code="d">1794-1866.</subfield></datafield><datafield ind1="1" ind2=" " tag="700"><subfield code="a">Drake, Benjamin B.</subfield></datafield><datafield ind1=" " ind2=" " tag="752"><subfield code="a">United States</subfield><subfield code="b">New York</subfield><subfield code="c">Cortland</subfield><subfield code="d">Homer.</subfield></datafield><datafield ind1="0" ind2="0" tag="780"><subfield code="t">Farmers' journal (Homer, N.Y.)</subfield><subfield code="w">(DLC)sn 85026609</subfield></datafield><datafield ind1="0" ind2="0" tag="785"><subfield code="t">Cortland observer</subfield><subfield code="w">(DLC)sn 85026610</subfield></datafield><datafield ind1="1" ind2=" " tag="029"><subfield code="a">AU@</subfield><subfield code="b">000020127472</subfield></datafield></record>